% Encoding: UTF-8

@InProceedings{yang2008ilp,
  author    = {Yang, Hoeseok and Ha, Soonhoi},
  title     = {ILP based data parallel multi-task mapping/scheduling technique for MPSoC},
  booktitle = {SoC Design Conference},
  year      = {2008},
}

@Article{DBLP:journals/jcp/YaoZW14,
  author    = {Yingbiao Yao and Guangpei Zhao and Xuan Wang},
  title     = {An {ILP}-based {DMA} Data Transmission Optimization Algorithm for MPSoC},
  journal   = {{JCP}},
  year      = {2014},
  volume    = {9},
  number    = {10},
  pages     = {2461--2466},
  bibsource = {dblp computer science bibliography, http://dblp.org},
  biburl    = {http://dblp.uni-trier.de/rec/bib/journals/jcp/YaoZW14},
  doi       = {10.4304/jcp.9.10.2461-2466},
  timestamp = {Tue, 25 Nov 2014 19:31:00 +0100},
  url       = {http://dx.doi.org/10.4304/jcp.9.10.2461-2466},
}

@Article{tetzlaffintelligent,
  author = {Tetzlaff, Dirk},
  title  = {Intelligent Task Mapping for MPSoCs using Machine Learning},
  book   = {3rd Workshop on Mapping of Applications to MPSoCs},
  time   = {July,2010},
}

@Article{Tetzlaff,
  author  = {Tetzlaff, Dirk.},
  title   = {Intelligent Task Mapping for MPSoCs using Machine Learning},
  journal = {Group Software Eng. for Embedded Syst.},
  year    = {2010},
}

@InProceedings{cotton2011multi,
  author    = {Cotton, Scott and Maler, Oded and Legriel, Julien and Saidi, Selma},
  title     = {Multi-criteria optimization for mapping programs to multi-processors},
  booktitle = {SIES},
  year      = {2011},
  pages     = {9--17},
}

@InProceedings{Yang2009,
  author    = {Yang, Hoeseok and Ha, Soonhoi},
  title     = {Pipelined Data Parallel Task Mapping/Scheduling Technique for MPSoC},
  booktitle = {DATE},
  year      = {2009},
  pages     = {69--74},
  numpages  = {6},
  url       = {http://dl.acm.org/citation.cfm?id=1874620.1874638},
}

@Article{konak2006multi,
  author    = {Konak, Abdullah and Coit, David W and Smith, Alice E},
  title     = {Multi-objective optimization using genetic algorithms: A tutorial},
  journal   = {Reliability Engineering \& System Safety},
  year      = {2006},
  volume    = {91},
  number    = {9},
  pages     = {992--1007},
  publisher = {Elsevier},
}

@Article{HuangYYZYBJF15,
  author    = {Kai Huang and Min Yu and Rongjie Yan and Xiaomeng Zhang and Xiaolang Yan and Lisane B. de Brisolara and Ahmed Amine Jerraya and Jiong Feng},
  title     = {Communication Optimizations for Multithreaded Code Generation from Simulink Models},
  journal   = {{ACM} Trans. Embedded Comput. Syst.},
  year      = {2015},
  volume    = {14},
  number    = {3},
  pages     = {59},
  bibsource = {dblp computer science bibliography, http://dblp.org},
  biburl    = {http://dblp.uni-trier.de/rec/bib/journals/tecs/HuangYYZYBJF15},
  doi       = {10.1145/2644811},
  timestamp = {Thu, 18 Jun 2015 17:12:06 +0200},
  url       = {http://doi.acm.org/10.1145/2644811},
}

@InProceedings{kang2012multi,
  author       = {Kang, Shin-Haeng and Yang, Hoeseok and Schor, Lars and Bacivarov, Iuliana and Ha, Soonhoi and Thiele, Lothar},
  title        = {Multi-objective mapping optimization via problem decomposition for many-core systems},
  booktitle    = {ESTIMedia},
  year         = {2012},
  pages        = {28--37},
  organization = {IEEE},
}

@InProceedings{legriel2010approximating,
  author       = {Legriel, Julien and Le Guernic, Colas and Cotton, Scott and Maler, Oded},
  title        = {Approximating the pareto front of multi-criteria optimization problems},
  booktitle    = {TACAS},
  year         = {2010},
  pages        = {69--83},
  organization = {Springer},
}

@Article{lin2012communication,
  author    = {Lin, Jing and Gerstlauer, Andreas and Evans, Brian L},
  title     = {Communication-aware heterogeneous multiprocessor mapping for real-time streaming systems},
  journal   = {Journal of Signal Processing Systems},
  year      = {2012},
  volume    = {69},
  number    = {3},
  pages     = {279--291},
  publisher = {Springer},
}

@Article{IEICE14,
  author    = {Kai Huang and Min Yu and Xiaomeng Zhang and Dan{-}dan Zheng and Siwen Xiu and Rongjie Yan and Kai Huang and Zhili Liu and Xiaolang Yan},
  title     = {{ILP} Based Multithreaded Code Generation for Simulink Model},
  journal   = {{IEICE} Transactions},
  year      = {2014},
  volume    = {97-D},
  number    = {12},
  pages     = {3072--3082},
  bibsource = {dblp computer science bibliography, http://dblp.org},
  biburl    = {http://dblp.uni-trier.de/rec/bib/journals/ieicet/HuangYZZXYHLY14},
  timestamp = {Tue, 19 May 2015 14:44:45 +0200},
  url       = {http://search.ieice.org/bin/summary.php?id=e97-d_12_3072},
}

@InProceedings{FM15,
  author    = {Xueyang Zhu and Rongjie Yan and Yu{-}Lei Gu and Jian Zhang and Wenhui Zhang and Guangquan Zhang},
  title     = {Static Optimal Scheduling for Synchronous Data Flow Graphs with Model Checking},
  booktitle = {FM},
  year      = {2015},
  pages     = {551--569},
  doi       = {10.1007/978-3-319-19249-9_34},
  timestamp = {Thu, 14 Jan 2016 15:35:36 +0100},
  url       = {http://dx.doi.org/10.1007/978-3-319-19249-9_34},
}

@InProceedings{thiele2007mapping,
  author       = {Thiele, Lothar and Bacivarov, Iuliana and Haid, Wolfgang and Huang, Kai},
  title        = {Mapping applications to tiled multiprocessor embedded systems},
  booktitle    = {ACSD},
  year         = {2007},
  pages        = {29--40},
  organization = {IEEE},
}

@Article{yassa2013genetic,
  author    = {Yassa, Sonia and Sublime, J{\'e}r{\'e}mie and Chelouah, Rachid and Kadima, Hubert and Jo, Geun-Sik and Granado, Bertrand},
  title     = {A genetic algorithm for multi-objective optimisation in workflow scheduling with hard constraints},
  journal   = {International Journal of Metaheuristics},
  year      = {2013},
  volume    = {2},
  number    = {4},
  pages     = {415--433},
  publisher = {Inderscience Publishers Ltd},
}

@InProceedings{kessler2009optimized,
  author    = {Kessler, Christoph W and Keller, J{\"o}rg},
  title     = {Optimized mapping of pipelined task graphs on the Cell BE},
  booktitle = {CPC},
  year      = {2009},
}

@InProceedings{wang2014case,
  author       = {Wang, Zhe and Liu, Weichen and Xu, Jiang and Li, Bin and Iyer, Ravi and Illikkal, Ramesh and Wu, Xiaowen and Mow, Wai Ho and Ye, Wenjing},
  title        = {A case study on the communication and computation behaviors of real applications in NoC-based MPSoCs},
  booktitle    = {ISVLSI},
  year         = {2014},
  pages        = {480--485},
  organization = {IEEE},
}

@Article{Ishibuchi98,
  author   = {H. Ishibuchi and T. Murata},
  title    = {A multi-objective genetic local search algorithm and its application to flowshop scheduling},
  journal  = {IEEE Transactions on Systems, Man, and Cybernetics, Part C (Applications and Reviews)},
  year     = {1998},
  volume   = {28},
  number   = {3},
  pages    = {392-403},
  month    = {Aug},
  doi      = {10.1109/5326.704576},
  issn     = {1094-6977},
  keywords = {genetic algorithms;production control;scheduling;search problems;crossover;fitness function;flowshop scheduling;genetic operations;hybrid algorithm;local search procedure;multi objective flowshop scheduling problems;multi objective genetic local search algorithm;multi objective optimization problem;multiple objectives;mutation operations;neighborhood solutions;nondominated solutions;parent solutions;weight values;weight vector;weighted sum;Genetic algorithms;Genetic mutations;Industrial engineering;Job shop scheduling;Modeling;Processor scheduling;Scheduling algorithm;Simulated annealing;Systems engineering and theory;Traveling salesman problems},
}

@Article{deb2002fast,
  title={A fast and elitist multiobjective genetic algorithm: NSGA-II},
  author={Deb, Kalyanmoy and Pratap, Amrit and Agarwal, Sameer and Meyarivan, TAMT},
  journal={IEEE transactions on evolutionary computation},
  volume={6},
  number={2},
  pages={182--197},
  year={2002},
  publisher={IEEE},
}

@incollection{lourencco2003iterated,
  title={Iterated local search},
  author={Louren{\c{c}}o, Helena R and Martin, Olivier C and St{\"u}tzle, Thomas},
  booktitle={Handbook of metaheuristics},
  pages={320--353},
  year={2003},
  publisher={Springer},
}

@article{hansen2003variable,
  title={Variable neighbourhood search},
  author={Hansen, Pierre and Mladenovic, Nenad and P{\'e}rez, Jose Andr{\'e}s Moreno},
  journal={Inteligencia Artificial, Revista Iberoamericana de Inteligencia Artificial},
  volume={19},
  pages={77--92},
  year={2003},
}

@InProceedings{moalic2013fast,
  author       = {Moalic, Laurent and Caminada, Alexandre and Lamrous, Sid},
  title        = {A fast local search approach for multiobjective problems},
  booktitle    = {LIOC},
  year         = {2013},
  pages        = {294--298},
  organization = {Springer},
}

@article{moscato1992memetic,
  title={A memetic approach for the traveling salesman problem implementation of a computational ecology for combinatorial optimization on message-passing systems},
  author={Moscato, Pablo and Norman, Michael G},
  journal={Parallel computing and transputer applications},
  volume={1},
  pages={177--186},
  year={1992},
  publisher={Amsterdam: IOS Press},
}

@Article{atienza2008,
  author    = {Atienza, David and Angiolini, Federico and Murali, Srinivasan and Pullini, Antonio and Benini, Luca and De Micheli, Giovanni},
  title     = {Network-on-Chip design and synthesis outlook},
  journal   = {INTEGRATION, the VLSI journal},
  year      = {2008},
  volume    = {41},
  number    = {3},
  pages     = {340--359},
  publisher = {Elsevier},
}
@inproceedings{wang2016two,
  title={Two efficient local search algorithms for maximum weight clique problem},
  author={Wang, Yiyuan and Cai, Shaowei and Yin, Minghao},
  booktitle={Thirtieth AAAI Conference on Artificial Intelligence},
  year={2016},
  pages = {805--811},
}

@book{winston2003introduction,
  title={Introduction to mathematical programming},
  author={Winston, Wayne L and Venkataramanan, Munirpallam and Goldberg, Jeffrey B},
  volume={1},
  year={2003},
  publisher={Thomson/Brooks/Cole Duxbury; Pacific Grove, CA}
}

@Comment{jabref-meta: databaseType:bibtex;}
